@article{publicationToReference,
   abstract = {article abstract},
author = {article author},
   doi = {},
   issn = {},
   issue = {},
   journal = {International publication},
   keywords = {keyword 1, keyword 2},
   month = jun,
   pages = {},
   pmid = {},
   publisher = {International Publisher},
   title = {Academic publication},
   volume = {1},
   url = {},
   year = {2020},
}
