shared bibliography file for example purposes. To add your own shared bibliography items, add them to a file "shared_bibliography.bib" file.

@article{shared_bibitem_2000,
	title = {Example of a shared bibliography item},
	volume = {1},
	issn = {1000-2000},
	shorttitle = {shared},
	url = {},
	doi = {},
	number = {1},
	urldate = {2000-01-01},
	journal = {Made up Journal},
	author = {Author, A. and Author, B.},
	year = {2000},
	pages = {1--100},
	file = {},
}